

% @misc{gcc,
% title = {{GNU gcc}},
% note = {on-line at: \url{http://gcc.gnu.org/}},
%    author = {Free Software Foundation},
%     year = {2013}
% }



@book{ideal,
    title={{Rečnik sinonima}},
    author={Pavle Ćosić i saradnici},
    isbn={978-86-86673-09-1},
    url={https://slavovs.wordpress.com/wp-content/uploads/2015/07/pavle-c487osic487-rec48dnik-sinonima-2008.pdf},
    year={2008},
    publisher={Kornet},
    address={Belgrade},
}

@article{satisfaction,
    author = {Mussie T. Tessema, Kathryn Ready, Wei-Choun "William" Yu},
    journal = {International Journal of Humanities and Social Science},
    keywords = {curriculum, satisfaction, quality},
    number = {2},
    pages = {1--2},
    posted-at = {2012-01-08},
    url = {https://www.ijhssnet.com/journals/Vol_2_No_2_Special_Issue_January_2012/5.pdf},
    title = {Factors Affecting College Students’ Satisfaction with Major Curriculum: Evidence
from Nine Years of Data},
    volume = {2},
    year = {2012}
}

@article{education,
    author = {Dr. Srikant Misra },
    journal = {SSRN Electronic Journal},
    keywords = {curriculum, higher education, quality},
    number = {2},
    pages = {1--2},
    posted-at = {2017-10-04},
    url = {https://www.researchgate.net/publication/320339404_Implications_of_Course_Curriculum_on_Quality_of_Higher_Education},
    title = {Implications of Course Curriculum on Quality of Higher Education},
    volume = {4},
    year = {2017}

}

@article{correlation,
    author = {Lacey Favazzo, Jihn D Willford, Rachel M Watson},
    title = {Correlating Student Knowledge and Confidence Using a Graded Knowledge Survey to Assess Student Learning in a General Microbiology Classroom},
    year = {2014},
    url = {https://pmc.ncbi.nlm.nih.gov/articles/PMC4278496/},
    journal = {Journal of Microbiology and Biology Education}
}

@article{confidence,
    author = {Omidullah Akbari, Javed Sahibzada },
    title = {Students’ Self-Confidence and Its Impacts on Their Learning Process},
    journal = {American International Journal of Social Science Research},
    year = {2020},
    url = {https://www.researchgate.net/publication/341003040_Students'_Self-Confidence_and_Its_Impacts_on_Their_Learning_Process}
}